% This file was created with JabRef 2.7.2.
% Encoding: UTF-8


@book{knuth1986texbook,
  title={The texbook},
  author={Knuth, Donald Ervin and Bibby, Duane},
  volume={1993},
  year={1986},
  publisher={Addison-Wesley Reading, MA, USA}
}